
@article{bianRumorDetectionSocial2020a,
  title = {Rumor {{Detection}} on {{Social Media}} with {{Bi}}-{{Directional Graph Convolutional Networks}}},
  author = {Bian, Tian and Xiao, Xi and Xu, Tingyang and Zhao, Peilin and Huang, Wenbing and Rong, Yu and Huang, Junzhou},
  date = {2020-01-17},
  url = {http://arxiv.org/abs/2001.06362},
  urldate = {2020-03-28},
  abstract = {Social media has been developing rapidly in public due to its nature of spreading new information, which leads to rumors being circulated. Meanwhile, detecting rumors from such massive information in social media is becoming an arduous challenge. Therefore, some deep learning methods are applied to discover rumors through the way they spread, such as Recursive Neural Network (RvNN) and so on. However, these deep learning methods only take into account the patterns of deep propagation but ignore the structures of wide dispersion in rumor detection. Actually, propagation and dispersion are two crucial characteristics of rumors. In this paper, we propose a novel bi-directional graph model, named Bi-Directional Graph Convolutional Networks (Bi-GCN), to explore both characteristics by operating on both top-down and bottom-up propagation of rumors. It leverages a GCN with a top-down directed graph of rumor spreading to learn the patterns of rumor propagation, and a GCN with an opposite directed graph of rumor diffusion to capture the structures of rumor dispersion. Moreover, the information from the source post is involved in each layer of GCN to enhance the influences from the roots of rumors. Encouraging empirical results on several benchmarks confirm the superiority of the proposed method over the state-of-the-art approaches.},
  archivePrefix = {arXiv},
  eprint = {2001.06362},
  eprinttype = {arxiv},
  file = {/Users/rocklyve/Zotero/storage/ESKKDIPH/Bian et al. - 2020 - Rumor Detection on Social Media with Bi-Directiona.pdf;/Users/rocklyve/Zotero/storage/UASPKKI2/2001.html},
  keywords = {Computer Science - Machine Learning,Computer Science - Social and Information Networks},
  primaryClass = {cs}
}

@book{croenleinSchlafmedizin1x1Praxisorientiertes2017,
  title = {Schlafmedizin 1x1: Praxisorientiertes Basiswissen},
  shorttitle = {Schlafmedizin 1x1},
  author = {Crönlein, Tatjana and Galetke, Wolfgang and Young, Peter},
  date = {2017},
  publisher = {{Springer-Verlag}},
  location = {{Berlin Heidelberg}},
  doi = {10.1007/978-3-662-49789-0},
  url = {https://www.springer.com/de/book/9783662497883},
  urldate = {2020-01-31},
  abstract = {Diagnostische und therapeutische Hilfen für den Umgang mit schlafgestörten Patienten. Praxisnah und übersichtlich von einem interdisziplinären renommierten Autorenteam der Schlafmedizin.Das Wichtigste zum schnellen Nachschlagen für die Praxis.Gestörter Schlaf ist eine der häufigsten Beschwerden in der ärztlichen Praxis. Das gezielte Erkennen von Schlafstörungen wie die Insomnie, das Schlafapnoe-Syndrom, Parasomnien oder Hypersomnien gehören mittlerweile zum Alltag der ärztlichen Praxis. Die Schlafmedizin bietet neue wirksame therapeutische Verfahren zum Vorteil der Patienten:Komorbide Störungen verbessern sich, Folgeschäden wie Herz-Kreislauf-Erkrankungen oder psychische Störungen können verhindert oder abgemildert werden.Guter Schlaf ist ein integrativer Bestandteil der Gesundheit.Mit Informationsmaterial für Patienten, Fragebögen, Fallbeispielen.},
  file = {/Users/rocklyve/Zotero/storage/VFFY9NCY/9783662497883.html},
  isbn = {978-3-662-49788-3},
  langid = {german}
}

@article{hernandezCardiacRespiratoryParameter,
  title = {Cardiac and {{Respiratory Parameter Estimation Using Head}}-Mounted {{Motion}}-Sensitive {{Sensors}}},
  author = {Hernandez, J and Li, Y and Rehg, J M and Picard, R W},
  pages = {10},
  abstract = {This work explores the feasibility of using motion-sensitive sensors embedded in Google Glass, a head-mounted wearable device, to robustly measure physiological signals of the wearer. In particular, we develop new methods to use Glass’s accelerometer, gyroscope, and camera to extract pulse and respiratory waves of 12 participants during a controlled experiment. We show it is possible to achieve a mean absolute error of 0.82 beats per minute (STD: 1.98) for heart rate and 0.6 breaths per minute (STD: 1.19) for respiration rate when considering different observation windows and combinations of sensors. Moreover, we show that a head-mounted gyroscope sensor shows improved performance versus more commonly explored sensors such as accelerometers and demonstrate that a head-mounted camera is a novel and promising method to capture the physiological responses of the wearer. These findings included testing across sitting, supine, and standing postures before and after physical exercise.},
  file = {/Users/rocklyve/Zotero/storage/G9C5YZHJ/Hernandez et al. - Cardiac and Respiratory Parameter Estimation Using.pdf},
  langid = {english}
}

@inproceedings{hungCentralSleepApnea2018,
  title = {Central {{Sleep Apnea Detection Using}} an {{Accelerometer}}},
  booktitle = {Proceedings of the 2018 {{International Conference}} on {{Control}} and {{Computer Vision}}  - {{ICCCV}} '18},
  author = {Hung, Phan Duy},
  date = {2018},
  pages = {106--111},
  publisher = {{ACM Press}},
  location = {{Singapore, Singapore}},
  doi = {10.1145/3232651.3232660},
  url = {http://dl.acm.org/citation.cfm?doid=3232651.3232660},
  urldate = {2020-02-04},
  abstract = {Central sleep apnea (CSA) is a serious condition most commonly seen in patients with heart failure (heart failure refers to the inability of the heart to adequately pump blood and oxygen around the body, often caused by enlarged, stiffened and damaged heart chambers). 30-80\% of patients with heart failure have central sleep apnea. Therefore, many attempts have been made to produce a monitoring system for automatic Central Sleep Apnea scoring to reduce clinical efforts. This paper describes a method for detection of Central Sleep Apnea using signals obtained from an accelerometer sensor placed on the patient's chest and a Multilayer Perceptron network (MLP). Results show that a minute-by-minute classification accuracy of over 84\% is achievable.},
  eventtitle = {The 2018 {{International Conference}}},
  file = {/Users/rocklyve/Zotero/storage/NE4KHF4R/Hung - 2018 - Central Sleep Apnea Detection Using an Acceleromet.pdf},
  isbn = {978-1-4503-6470-6},
  langid = {english}
}

@inproceedings{roddigerRespirationRateMonitoring2019,
  title = {Towards {{Respiration Rate Monitoring Using}} an {{In}}-{{Ear Headphone Inertial Measurement Unit}}},
  booktitle = {Proceedings of the 1st {{International Workshop}} on {{Earable Computing}}},
  author = {Röddiger, Tobias and Wolffram, Daniel and Laubenstein, David and Budde, Matthias and Beigl, Michael},
  date = {2019-09-09},
  pages = {48--53},
  publisher = {{ACM}},
  location = {{London United Kingdom}},
  doi = {10.1145/3345615.3361130},
  url = {https://dl.acm.org/doi/10.1145/3345615.3361130},
  urldate = {2020-02-24},
  abstract = {State-of-the-art respiration tracking devices require specialized equipment, making them impractical for every day at-home respiration sensing. In this paper, we present the first system for sensing respiratory rates using in-ear headphone inertial measurement units (IMU). The approach is based on technology already available in commodity devices: the eSense headphones. Our processing pipeline combines several existing approaches to clean noisy data and calculate respiratory rates on 20-second windows. In a study with twelve participants, we compare accelerometer and gyroscope based sensing and employ pressure-based measurement with nasal cannulas as ground truth. Our results indicate a mean absolute error of 2.62 CPM (acc) and 2.55 CPM (gyro). This overall accuracy is comparable to previous approaches using accelerometer-based sensing, but we observe a higher relative error for the gyroscope. In contrast to related work using other sensor positions, we can not report significant differences between the two modalities or the three postures standing, sitting, and lying on the back (supine). However, in general, performance varies drastically between participants.},
  eventtitle = {{{UbiComp}} '19: {{The}} 2019 {{ACM International Joint Conference}} on {{Pervasive}} and {{Ubiquitous Computing}}},
  file = {/Users/rocklyve/Zotero/storage/QAAWTDTP/Röddiger et al. - 2019 - Towards Respiration Rate Monitoring Using an In-Ea.pdf},
  isbn = {978-1-4503-6902-2},
  langid = {english}
}

@book{stuckPraxisSchlafmedizinDiagnostik2018,
  title = {Praxis der Schlafmedizin: Diagnostik, Differenzialdiagnostik und Therapie bei Erwachsenen und Kindern},
  shorttitle = {Praxis der Schlafmedizin},
  author = {Stuck, Boris and Maurer, Joachim T. and Schlarb, Angelika and Schredl, Michael and Weeß, Hans-Günter},
  date = {2018},
  edition = {3},
  publisher = {{Springer-Verlag}},
  location = {{Berlin Heidelberg}},
  doi = {10.1007/978-3-662-54383-2},
  url = {https://www.springer.com/de/book/9783662543825},
  urldate = {2020-01-31},
  abstract = {Dieses Buch bietet das Praxiswissen für die notwendige differenzierte schlafmedizinische Diagnostik und eine darauf basierende optimale kurz-, mittel- und langfristige Therapie.Schlafstörungen - eine der häufigsten ErkrankungenÜber eine halbe Million Menschen nehmen in Deutschland regelmäßig Schlafmittel ein. Darüber hinaus können Beschwerden durch nicht erholsamen Schlaf Leistung und Lebensqualität der Betroffenen massiv beeinträchtigen, oft mit langfristigen Auswirkungen auf die Gesundheit.Das Lehr- und Lernbuch zur PrüfungsvorbereitungQualifikationsnachweis Somnologie der DGSMZusatzbezeichnung Schlafmedizin„BUB“-KurseDer Ratgeber für die tägliche Arbeit in Klinik und PraxisGrundlagen, PathophysiologieDiagnostik, DifferentialdiagnostikTherapiestandards und AlternativenAlles, was wichtig, häufig und klinisch relevant ist mitPraxistipps, FallbeispielenFragen zur PrüfungsvorbereitungNEU u.a.Aktualisierte Richtlinien zu Indikation und Auswertung der PolysomnographieBerücksichtigung der aktuellen Leitlinien zur Insomnie und zu den schlafbezogenen AtmungsstörungenDeutliche Erweiterung des Kapitels zu den kindlichen SchlafstörungenNach neuesten Klassifizierungen und EmpfehlungenICSD-3Scoring Manual der AASMLeitlinie “Insomnie” und “Schlafbezogene Atmungsstörungen”Gültig für den gesamten deutschsprachigen Raum (Deutschland, Österreich, Schweiz).Nach den Empfehlungen derDeutschen Gesellschaft für Schlafforschung und SchlafmedizinEuropean Sleep Research SocietyAmerican Academy of Sleep Medicine},
  file = {/Users/rocklyve/Zotero/storage/GBSZMR5X/9783662543825.html},
  isbn = {978-3-662-54382-5},
  langid = {german}
}

@online{TsfreshTsfresh12,
  title = {Tsfresh — Tsfresh 0.12.0 Documentation},
  url = {https://tsfresh.readthedocs.io/en/latest/},
  urldate = {2020-03-24},
  file = {/Users/rocklyve/Zotero/storage/3T2P46MN/latest.html}
}

@online{WaybackMachine2016,
  title = {Wayback {{Machine}}},
  date = {2016-04-17},
  url = {https://web.archive.org/web/20160417030218/http://ect.bell-labs.com/who/tkh/publications/papers/odt.pdf},
  urldate = {2020-03-28},
  file = {/Users/rocklyve/Zotero/storage/VECEMSGV/2016 - Wayback Machine.pdf}
}


