@article{beath_rebreathing,
	title = {Breaking point of breath holding and tolerance time in rebreathing},
	url = {https://www.jstage.jst.go.jp/article/jjphysiol1950/17/1/17_1_43/_pdf},
	abstract = {Many studies have stated that the break of breath holding is brought on when hypercapnic and hypoxic stimulations that urge respiration overcomevoluntary efforts to resist them, and several diagrams have been published to indicate the relationship between alveolar tensions of oxygen and carbondioxide at the breaking point1,6,12,17). This relationship has been described to be modified by neural factors, such as pulmonary vagal afferents3,15) and pro-prioceptive afferents from respiratory muscles7,18).The Po2-Pco2 relationship at the breaking point markedly varies if the breath is held with varied concentrations of O2, N2 and CO2 in the inspiredgas, even though the initial neural conditions, such as body posture and lungvolume, are kept unchanged. From this finding KOBAYASI and TAKAGI14) andTAKAGI and KOBAYASI19) derived the importance of the time factor in CO2stimulation, which concerns the determinationof the breaking point. On the other hand, there have been reports which emphasize a close rela-tionship between respiratory distress sensation and movements of the thorax and lungs. One example is the fact reported by FOWLER7) that if a subject, after a voluntary breath holding of maximal duration, rebreathes several times a gas mixture which does not improve the alveolar gas composition, a sufficient relief from distress is afforded, so that he can hold his breath for two additional periods despite a progressive decrease in the alveolar O2 ten-sion and a progressive increase in the alveolar CO2 tension. Another example is the observation that rebreathing can be continued longer than breath holding and alveolar gas tensions at the breaking point are lower for O2 and higher for CO2 than those in breath holding10,16). It is the purpose of this paper to present characteristics of the time factor in CO2 stimulation on respiration and the effects of respiratory muscleactivities and thorax movements on the termination of breath holding andrebreathing},
	author = {Syoiti Kobayasi, Chieko Sasaki},
	urldate = {2020-01-21},
	date = {1966-04-25},
	eprinttype = {jstage}
}

@book{schlafmedizin_1x1,
	location = {Berlin Heidelberg},
	title = {Schlafmedizin 1x1: Praxisorientiertes Basiswissen},
	isbn = {978-3-662-49788-3},
	url = {https://www.springer.com/de/book/9783662497883},
	shorttitle = {Schlafmedizin 1x1},
	abstract = {Diagnostische und therapeutische Hilfen für den Umgang mit schlafgestörten Patienten. Praxisnah und übersichtlich von einem interdisziplinären renommierten Autorenteam der Schlafmedizin.Das Wichtigste zum schnellen Nachschlagen für die Praxis.Gestörter Schlaf ist eine der häufigsten Beschwerden in der ärztlichen Praxis. Das gezielte Erkennen von Schlafstörungen wie die Insomnie, das Schlafapnoe-Syndrom, Parasomnien oder Hypersomnien gehören mittlerweile zum Alltag der ärztlichen Praxis. Die Schlafmedizin bietet neue wirksame therapeutische Verfahren zum Vorteil der Patienten:Komorbide Störungen verbessern sich, Folgeschäden wie Herz-Kreislauf-Erkrankungen oder psychische Störungen können verhindert oder abgemildert werden.Guter Schlaf ist ein integrativer Bestandteil der Gesundheit.Mit Informationsmaterial für Patienten, Fragebögen, Fallbeispielen.},
	publisher = {Springer-Verlag},
	author = {Crönlein, Tatjana and Galetke, Wolfgang and Young, Peter},
	urldate = {2020-01-31},
	date = {2017},
	langid = {german},
	doi = {10.1007/978-3-662-49789-0},
	file = {Snapshot:files/19/9783662497883.html:text/html}
}

@book{praxis_der_schlafmedizin,
	location = {Berlin Heidelberg},
	edition = {3},
	title = {Praxis der Schlafmedizin: Diagnostik, Differenzialdiagnostik und Therapie bei Erwachsenen und Kindern},
	isbn = {978-3-662-54382-5},
	url = {https://www.springer.com/de/book/9783662543825},
	shorttitle = {Praxis der Schlafmedizin},
	abstract = {Dieses Buch bietet das Praxiswissen für die notwendige differenzierte schlafmedizinische Diagnostik und eine darauf basierende optimale kurz-, mittel- und langfristige Therapie.Schlafstörungen - eine der häufigsten {ErkrankungenÜber} eine halbe Million Menschen nehmen in Deutschland regelmäßig Schlafmittel ein. Darüber hinaus können Beschwerden durch nicht erholsamen Schlaf Leistung und Lebensqualität der Betroffenen massiv beeinträchtigen, oft mit langfristigen Auswirkungen auf die Gesundheit.Das Lehr- und Lernbuch zur {PrüfungsvorbereitungQualifikationsnachweis} Somnologie der {DGSMZusatzbezeichnung} Schlafmedizin{BUB}-{KurseDer} Ratgeber für die tägliche Arbeit in Klinik und {PraxisGrundlagen}, {PathophysiologieDiagnostik}, {DifferentialdiagnostikTherapiestandards} und {AlternativenAlles}, was wichtig, häufig und klinisch relevant ist {mitPraxistipps}, {FallbeispielenFragen} zur {PrüfungsvorbereitungNEU} u.a.Aktualisierte Richtlinien zu Indikation und Auswertung der {PolysomnographieBerücksichtigung} der aktuellen Leitlinien zur Insomnie und zu den schlafbezogenen {AtmungsstörungenDeutliche} Erweiterung des Kapitels zu den kindlichen {SchlafstörungenNach} neuesten Klassifizierungen und {EmpfehlungenICSD}-3Scoring Manual der {AASMLeitlinie} Insomnie und Schlafbezogene AtmungsstörungenGültig für den gesamten deutschsprachigen Raum (Deutschland, Österreich, Schweiz).Nach den Empfehlungen {derDeutschen} Gesellschaft für Schlafforschung und {SchlafmedizinEuropean} Sleep Research {SocietyAmerican} Academy of Sleep Medicine},
	publisher = {Springer-Verlag},
	author = {Stuck, Boris and Maurer, Joachim T. and Schlarb, Angelika and Schredl, Michael and Weeß, Hans-Günter},
	urldate = {2020-01-31},
	date = {2018},
	langid = {german},
	doi = {10.1007/978-3-662-54383-2},
	file = {Snapshot:files/21/9783662543825.html:text/html}
}